<collection>
<record>
<leader>06270cpcaa22009257a 4500</leader>
<controlfield tag="001">14186464</controlfield>
<controlfield tag="005">20240604154803.0</controlfield>
<controlfield tag="008">051201i19991999dcu eng </controlfield>
<datafield ind1=" " ind2=" " tag="906">
<subfield code="a">7</subfield>
<subfield code="b">cbc</subfield>
<subfield code="c">orignew</subfield>
<subfield code="d">u</subfield>
<subfield code="e">ncip</subfield>
<subfield code="f">20</subfield>
<subfield code="g">y-folklife</subfield>
</datafield>
<datafield ind1=" " ind2=" " tag="955">
<subfield code="a">mkru 2005-12-01;</subfield>
<subfield code="a">mseg 2013-01-07;</subfield>
<subfield code="a">kere 2016-12-29</subfield>
<subfield code="a">mkru 2017-02-02</subfield>
<subfield code="a">mkru 2017-02-09</subfield>
<subfield code="a">mkru 2018-03-05</subfield>
<subfield code="a">masmit 2020-07-24</subfield>
<subfield code="a">masmit 2024-05-23</subfield>
<subfield code="a">masmit 2024-06-04</subfield>
</datafield>
<datafield ind1=" " ind2=" " tag="010">
<subfield code="a"> 2004659951</subfield>
</datafield>
<datafield ind1="2" ind2="0" tag="033">
<subfield code="a">1999----</subfield>
<subfield code="a">1999----</subfield>
</datafield>
<datafield ind1=" " ind2=" " tag="040">
<subfield code="a">DLC</subfield>
<subfield code="c">DLC</subfield>
<subfield code="b">eng</subfield>
<subfield code="e">dacs</subfield>
<subfield code="d">DLC</subfield>
<subfield code="d">DLC</subfield>
</datafield>
<datafield ind1="1" ind2=" " tag="041">
<subfield code="a">eng</subfield>
<subfield code="h">sio</subfield>
</datafield>
<datafield ind1=" " ind2=" " tag="043">
<subfield code="a">n-us-nb</subfield>
</datafield>
<datafield ind1=" " ind2=" " tag="090">
<subfield code="a">RXF 3179-3204; RYJ 7388</subfield>
</datafield>
<datafield ind1=" " ind2=" " tag="090">
<subfield code="a">AFC 1999/014</subfield>
</datafield>
<datafield ind1="0" ind2="0" tag="245">
<subfield code="a">Omaha Indian interviews collection,</subfield>
<subfield code="f">1999 /</subfield>
<subfield code="c">
collected by Alan Jabbour and Laurel McIntyre for the American Folklife Center.
</subfield>
</datafield>
<datafield ind1=" " ind2=" " tag="260">
<subfield code="a">July-October,1999</subfield>
</datafield>
<datafield ind1=" " ind2=" " tag="300">
<subfield code="3">whole collection</subfield>
<subfield code="a">approximately 454</subfield>
<subfield code="f">items</subfield>
</datafield>
<datafield ind1=" " ind2=" " tag="300">
<subfield code="3">whole collection</subfield>
<subfield code="a">3</subfield>
<subfield code="f">containers</subfield>
</datafield>
<datafield ind1=" " ind2=" " tag="300">
<subfield code="3">manuscripts</subfield>
<subfield code="a">17</subfield>
<subfield code="f">folders</subfield>
</datafield>
<datafield ind1=" " ind2=" " tag="300">
<subfield code="3">manuscripts</subfield>
<subfield code="a">1</subfield>
<subfield code="f">computer disk</subfield>
</datafield>
<datafield ind1=" " ind2=" " tag="300">
<subfield code="3">sound recordings</subfield>
<subfield code="a">26 sound tape reels :</subfield>
<subfield code="b">analog, 7 1/2 and 3 3/4 ips ;</subfield>
<subfield code="c">7 in.</subfield>
</datafield>
<datafield ind1=" " ind2=" " tag="300">
<subfield code="3">sound recordings</subfield>
<subfield code="a">1 sound cassette (60 min.) :</subfield>
<subfield code="b">analog</subfield>
</datafield>
<datafield ind1=" " ind2=" " tag="300">
<subfield code="3">graphic materials</subfield>
<subfield code="a">184 photographs :</subfield>
<subfield code="b">
film negatives and photographic prints, black and white
</subfield>
</datafield>
<datafield ind1=" " ind2=" " tag="300">
<subfield code="3">graphic materials</subfield>
<subfield code="a">22 photographs :</subfield>
<subfield code="b">prints, black and white ;</subfield>
<subfield code="c">8 x 10 in.</subfield>
</datafield>
<datafield ind1=" " ind2=" " tag="300">
<subfield code="3">graphic materials</subfield>
<subfield code="a">5 photographs :</subfield>
<subfield code="b">contact sheets, black and white ;</subfield>
<subfield code="c">8 x 10 in.</subfield>
</datafield>
<datafield ind1=" " ind2=" " tag="300">
<subfield code="3">graphic materials</subfield>
<subfield code="a">2 posters :</subfield>
<subfield code="b">color ;</subfield>
<subfield code="c">various sizes</subfield>
</datafield>
<datafield ind1="0" ind2=" " tag="511">
<subfield code="a">
Interviewees include Omaha tribal members Rufus White, Elmer Blackbird, and Morgan Lovejoy.
</subfield>
</datafield>
<datafield ind1=" " ind2=" " tag="518">
<subfield code="a">
Interviews with Rufus White conducted and recorded by Alan Jabbour and Laurel McIntyre for the American Folklife Center, July 20-23 and October 17, 1999.
</subfield>
</datafield>
<datafield ind1=" " ind2=" " tag="518">
<subfield code="a">
Interview with Morgan Lovejoy conducted and recorded by Alan Jabbour and Laurel McIntyre for the American Folklife Center, August 15, 1999.
</subfield>
</datafield>
<datafield ind1=" " ind2=" " tag="520">
<subfield code="a">
Manuscript, sound recordings, and graphic materials collected by Alan Jabbour and Laurel McIntyre during four visits in 1999 to Macy, Nebraska, in an effort to identify sound recordings and photographic images from the American Folklife Center's Omaha Indian collections. Sound recordings of commentary and translations of Hethu'shka songs from the Omaha language to English were made during interviews with Omaha tribal members Rufus White, Elmer Blackbird, and Morgan Lovejoy in 1999 on the Omaha Indian Reservation in Nebraska. The interviewees provided information regarding recordings of powwows in the 1980s, the Hethu'shka Society performance at the Library of Congress in 1985, Omaha sound recordings made during the 1890s, and an introduction that John Turner gave during a 1983 interview with Alan Jabbour. This project was undertaken as part of the National Digital Library Program's effort to obtain information on materials to be used in the Omaha Indian Music American Memory presentation.
</subfield>
</datafield>
<datafield ind1="8" ind2=" " tag="524">
<subfield code="a">
Omaha Indian interviews collection, 1999 (AFC 1999/014), American Folklife Center, Library of Congress, Washington, D.C.
</subfield>
</datafield>
<datafield ind1=" " ind2=" " tag="540">
<subfield code="a">
Duplication of the collection materials may be governed by copyright and other restrictions.
</subfield>
</datafield>
<datafield ind1="0" ind2=" " tag="506">
<subfield code="a">
Collection is open for research. To request materials, please contact the Folklife Reading Room at
</subfield>
<subfield code="u">https://hdl.loc.gov/loc.afc/folklife.contact</subfield>
</datafield>
<datafield ind1=" " ind2=" " tag="530">
<subfield code="a">
A selection of these commentaries is available in the online presentation, Omaha Indian Music
</subfield>
<subfield code="u">https://hdl.loc.gov/loc.afc/collafc.af000007</subfield>
</datafield>
<datafield ind1=" " ind2=" " tag="544">
<subfield code="a">
1983 Omaha powwow recordings that Rufus White comments on and translates are from "Omaha Powwow Project collection" (AFC 1986/038).
</subfield>
</datafield>
<datafield ind1=" " ind2=" " tag="544">
<subfield code="a">
Hethu'shka songs from "Omaha Indian Music" that Rufus White comments on and translates are originally from "Alice C. Fletcher and Francis La Flesche collection of Omaha cylinder recordings" (AFC 1948/123).
</subfield>
</datafield>
<datafield ind1=" " ind2=" " tag="544">
<subfield code="a">
The John Turner introduction that Rufus White translates is from "Omaha Indian interviews collection, 1983" (AFC 1983/026).
</subfield>
</datafield>
<datafield ind1=" " ind2=" " tag="544">
<subfield code="a">
Hethu'shka Society performance that Rufus White and Morgan Lovejoy comment on is from "1985 Neptune Plaza Concert Series collection" (AFC 1985/015).
</subfield>
</datafield>
<datafield ind1=" " ind2=" " tag="546">
<subfield code="a">
Sound recordings in the Omaha language and in English.
</subfield>
</datafield>
<datafield ind1="0" ind2=" " tag="555">
<subfield code="a">Finding aid is available online</subfield>
<subfield code="u">https://hdl.loc.gov/loc.afc/eadafc.af017001</subfield>
</datafield>
<datafield ind1="2" ind2="0" tag="610">
<subfield code="a">Hethu'shka Society.</subfield>
</datafield>
<datafield ind1=" " ind2="0" tag="650">
<subfield code="a">Omaha Indians</subfield>
<subfield code="v">Music.</subfield>
</datafield>
<datafield ind1=" " ind2="0" tag="650">
<subfield code="a">Omaha Indians</subfield>
<subfield code="x">Religion.</subfield>
</datafield>
<datafield ind1=" " ind2="0" tag="650">
<subfield code="a">Omaha Indians</subfield>
<subfield code="x">Rites and ceremonies.</subfield>
</datafield>
<datafield ind1=" " ind2="0" tag="650">
<subfield code="a">Omaha Indians</subfield>
<subfield code="v">Songs and music.</subfield>
</datafield>
<datafield ind1=" " ind2="0" tag="650">
<subfield code="a">Indian veterans</subfield>
<subfield code="z">Omaha Indian Reservation</subfield>
<subfield code="v">Songs and music.</subfield>
</datafield>
<datafield ind1=" " ind2="0" tag="650">
<subfield code="a">Omaha dialect.</subfield>
</datafield>
<datafield ind1=" " ind2="0" tag="650">
<subfield code="a">Omaha dance.</subfield>
</datafield>
<datafield ind1=" " ind2="0" tag="650">
<subfield code="a">Powwow songs</subfield>
<subfield code="z">Nebraska</subfield>
<subfield code="z">Omaha Indian Reservation.</subfield>
</datafield>
<datafield ind1=" " ind2="0" tag="650">
<subfield code="a">Powwows</subfield>
<subfield code="z">Nebraska</subfield>
<subfield code="z">Omaha Indian Reservation.</subfield>
</datafield>
<datafield ind1=" " ind2="0" tag="650">
<subfield code="a">Dance music</subfield>
<subfield code="z">Nebraska</subfield>
<subfield code="z">Omaha Indian Reservation.</subfield>
</datafield>
<datafield ind1=" " ind2="0" tag="650">
<subfield code="a">Omaha Indians</subfield>
<subfield code="z">Nebraska</subfield>
<subfield code="x">Social life and customs.</subfield>
</datafield>
<datafield ind1=" " ind2="0" tag="651">
<subfield code="a">Omaha Indian Reservation (Neb.)</subfield>
<subfield code="x">Social life and customs</subfield>
<subfield code="y">20th century.</subfield>
</datafield>
<datafield ind1=" " ind2="7" tag="655">
<subfield code="a">Songs.</subfield>
<subfield code="2">lcgft</subfield>
</datafield>
<datafield ind1=" " ind2="7" tag="655">
<subfield code="a">Dance music.</subfield>
<subfield code="2">lcgft</subfield>
</datafield>
<datafield ind1=" " ind2="7" tag="655">
<subfield code="a">Powwow songs.</subfield>
<subfield code="2">lcgft</subfield>
</datafield>
<datafield ind1=" " ind2="7" tag="655">
<subfield code="a">Interviews.</subfield>
<subfield code="2">lcgft</subfield>
</datafield>
<datafield ind1=" " ind2="7" tag="655">
<subfield code="a">Photographs.</subfield>
<subfield code="2">aat</subfield>
</datafield>
<datafield ind1=" " ind2="7" tag="655">
<subfield code="a">Posters.</subfield>
<subfield code="2">gmgpc</subfield>
</datafield>
<datafield ind1=" " ind2="7" tag="655">
<subfield code="a">Sound recordings.</subfield>
<subfield code="2">lcgft</subfield>
</datafield>
<datafield ind1="1" ind2=" " tag="700">
<subfield code="a">Jabbour, Alan,</subfield>
<subfield code="e">interviewer.</subfield>
</datafield>
<datafield ind1="1" ind2=" " tag="700">
<subfield code="a">McIntyre, Laurel,</subfield>
<subfield code="e">recordist,</subfield>
<subfield code="e">photographer.</subfield>
</datafield>
<datafield ind1="1" ind2=" " tag="700">
<subfield code="a">White, Rufus,</subfield>
<subfield code="e">interviewee.</subfield>
</datafield>
<datafield ind1="1" ind2=" " tag="700">
<subfield code="a">Blackbird, Elmer,</subfield>
<subfield code="e">interviewee.</subfield>
</datafield>
<datafield ind1="1" ind2=" " tag="700">
<subfield code="a">Lovejoy, Morgan,</subfield>
<subfield code="e">interviewee.</subfield>
</datafield>
<datafield ind1="1" ind2=" " tag="700">
<subfield code="a">Hastings, Dennis.</subfield>
</datafield>
<datafield ind1="2" ind2=" " tag="710">
<subfield code="a">Archive of Folk Culture (Library of Congress),</subfield>
<subfield code="e">collector.</subfield>
</datafield>
<datafield ind1="2" ind2=" " tag="710">
<subfield code="a">American Folklife Center,</subfield>
<subfield code="e">sponsor.</subfield>
</datafield>
<datafield ind1=" " ind2=" " tag="751">
<subfield code="a">Macy (Neb.)</subfield>
<subfield code="e">event place.</subfield>
</datafield>
<datafield ind1="0" ind2=" " tag="787">
<subfield code="t">
Rufus White and Maxine White interviewed by Gwen Meister, 1993 August 19
</subfield>
<subfield code="w">(DLC) 2020655236</subfield>
</datafield>
<datafield ind1=" " ind2=" " tag="852">
<subfield code="a">Library of Congress</subfield>
<subfield code="b">American Folklife Center,</subfield>
<subfield code="e">
101 Independence Ave. S.E., Washington, DC USA 20540-4610
</subfield>
<subfield code="u">https://hdl.loc.gov/loc.afc/folklife.home</subfield>
</datafield>
<datafield ind1="4" ind2="2" tag="856">
<subfield code="3">Omaha Indian Music</subfield>
<subfield code="u">https://hdl.loc.gov/loc.afc/collafc.af000007</subfield>
</datafield>
<datafield ind1="4" ind2="2" tag="856">
<subfield code="3">Finding aid</subfield>
<subfield code="u">https://hdl.loc.gov/loc.afc/eadafc.af017001</subfield>
</datafield>
<datafield ind1=" " ind2=" " tag="985">
<subfield code="a">afc/coll</subfield>
</datafield>
<datafield ind1=" " ind2=" " tag="985">
<subfield code="a">afc/nac</subfield>
</datafield>
<datafield ind1=" " ind2=" " tag="985">
<subfield code="e">songamerica</subfield>
</datafield>
<datafield ind1=" " ind2=" " tag="985">
<subfield code="a">afc/ead</subfield>
</datafield>
</record>
</collection>